@book{weinberger2005taxonomies,
  title={Taxonomies to tags: From trees to piles of leaves},
  author={Weinberger, David},
  year={2005},
  publisher={EDventure Holdings}
}
