Automatically generated by Mendeley Desktop 1.10.1
Any changes to this file will be lost if it is regenerated by Mendeley.

BibTeX export options can be customized via Options -> BibTeX in Mendeley Desktop

@article{Mateash,
author = {Mateas, Michael and Stern, Andrew},
file = {:home/mrt/Documents/Mendeley Desktop/Mateas, Stern/Procedural Authorship A Case-Study Of the Interactive Drama Fa\c{c}ade.pdf:pdf},
title = {{Procedural Authorship : A Case-Study Of the Interactive Drama Fa\c{c}ade}}
}
