@incollection{ricci2007carta,
  title={CArtA gO: A framework for prototyping artifact-based environments in MAS},
  author={Ricci, Alessandro and Viroli, Mirko and Omicini, Andrea},
  booktitle={Environments for Multi-Agent Systems III},
  pages={67--86},
  year={2007},
  publisher={Springer}
}
