@inproceedings{peinado2004description,
  title={A description logic ontology for fairy tale generation},
  author={Peinado, Federico and Gerv{\'a}s, Pablo and D{\'\i}az-Agudo, Bel{\'e}n},
  booktitle={Procs. of the Workshop on Language Resources for Linguistic Creativity, LREC},
  volume={4},
  pages={56--61},
  year={2004}
}
