Automatically generated by Mendeley Desktop 1.10.1
Any changes to this file will be lost if it is regenerated by Mendeley.

BibTeX export options can be customized via Options -> BibTeX in Mendeley Desktop

@article{Dakka2005,
address = {New York, New York, USA},
author = {Dakka, Wisam and Ipeirotis, Panagiotis G. and Wood, Kenneth R.},
doi = {10.1145/1099554.1099738},
file = {:home/mrt/Documents/Mendeley Desktop/Dakka, Ipeirotis, Wood/Automatic construction of multifaceted browsing interfaces.pdf:pdf},
isbn = {1595931406},
journal = {Proceedings of the 14th ACM international conference on Information and knowledge management - CIKM '05},
keywords = {browsing,faceted classification,faceted navigation,hiearchy construction,multifaceted hierarchies},
pages = {768},
publisher = {ACM Press},
title = {{Automatic construction of multifaceted browsing interfaces}},
url = {http://portal.acm.org/citation.cfm?doid=1099554.1099738},
year = {2005}
}
