@inproceedings{thue2007interactive,
  title={Interactive Storytelling: A Player Modelling Approach.},
  author={Thue, David and Bulitko, Vadim and Spetch, Marcia and Wasylishen, Eric},
  booktitle={AIIDE},
  pages={43--48},
  year={2007}
}
