Automatically generated by Mendeley Desktop 1.10.1
Any changes to this file will be lost if it is regenerated by Mendeley.

BibTeX export options can be customized via Options -> BibTeX in Mendeley Desktop

@article{Mateasf,
author = {Mateas, Michael and Stern, Andrew},
file = {:home/mrt/Documents/Mendeley Desktop/Mateas, Stern/Build It to Understand It Ludology Meets Narratology in Game Design Space.pdf:pdf},
keywords = {agency,design space,games,ludology,narratology,wicked problems},
title = {{Build It to Understand It : Ludology Meets Narratology in Game Design Space}},
volume = {2}
}
