@article{Bihler2011586,
title = "SmartGuide â€“ A Smartphone Museum Guide with Ultrasound Control ",
journal = "Procedia Computer Science ",
volume = "5",
number = "0",
pages = "586 - 592",
year = "2011",
note = "<ce:title>The 2nd International Conference on Ambient Systems, Networks and Technologies (ANT-2011) / The 8th International Conference on Mobile Web Information Systems (MobiWIS 2011)</ce:title> ",
issn = "1877-0509",
doi = "http://dx.doi.org/10.1016/j.procs.2011.07.076",
url = "http://www.sciencedirect.com/science/article/pii/S1877050911004017",
author = "Pascal Bihler and Paul Imhoff and Armin B. Cremers",
keywords = "Indoor Localization",
keywords = "Ultrasonic",
keywords = "Smartphone",
keywords = "Museum Guide "
}

