@book{mateas1999oz,
  title={An Oz-centric review of interactive drama and believable agents},
  author={Mateas, Michael},
  year={1999},
  publisher={Springer}
}
