@phdthesis{kwiat2009multi,
  title={Multi-Perspective Annotation of Digital Stories for Professional Knowledge Sharing within Health Care},
  author={Kwiat, Joanna Hilda},
  year={2009},
  school={Citeseer}
}
