@article{lee2013towards,
  title={Towards polite virtual agents using social reasoning techniques},
  author={Lee, JeeHang and Li, Tingting and Padget, Julian},
  journal={Computer Animation and Virtual Worlds},
  volume={24},
  number={3-4},
  pages={335--343},
  year={2013},
  publisher={Wiley Online Library}
}
