Automatically generated by Mendeley Desktop 1.10.1
Any changes to this file will be lost if it is regenerated by Mendeley.

BibTeX export options can be customized via Options -> BibTeX in Mendeley Desktop

@article{Zagal2007,
annote = {The aim is to design learning environments that are approachable, allow learners to contribute to fields and support visibility and access.

        
\#\# Challenges of studying games
- Issues describing games (the vocab isn't there)

        
\#\# Game Ontology Project
Their ontology identifies the important structural elements of games and the relationships between them, organising them hierarchically.

        
Available at www.gameontology.org

        
People can add to the ontology through a wiki-style website

        
They had students add their favourite games to the ontology

        
Expert evaluation said that 60\% should be kept, 14.5\% should be removed, 25.5\% were ambivalent.

        

        

      },
author = {Zagal, Jos\'{e} P and Bruckman, Amy and Computing, College},
file = {:home/mrt/Documents/Mendeley Desktop/Zagal, Bruckman, Computing/The Game Ontology Project Supporting Learning While Contributing Authentically to Game Studies.pdf:pdf},
title = {{The Game Ontology Project : Supporting Learning While Contributing Authentically to Game Studies}},
year = {2007}
}
