@article{kurtz2003new,
  title={The new dynamics of strategy: Sense-making in a complex and complicated world},
  author={Kurtz, Cynthia F and Snowden, David J},
  journal={IBM systems journal},
  volume={42},
  number={3},
  pages={462--483},
  year={2003},
  publisher={IBM}
}
