Automatically generated by Mendeley Desktop 1.10.1
Any changes to this file will be lost if it is regenerated by Mendeley.

BibTeX export options can be customized via Options -> BibTeX in Mendeley Desktop

@article{Digicult2003,
author = {Digicult},
file = {:home/mrt/Documents/Mendeley Desktop/Digicult/Towards a Semantic Web for Heritage Resources.pdf:pdf},
number = {3},
title = {{Towards a Semantic Web for Heritage Resources}},
year = {2003}
}
