Automatically generated by Mendeley Desktop 1.10.1
Any changes to this file will be lost if it is regenerated by Mendeley.

BibTeX export options can be customized via Options -> BibTeX in Mendeley Desktop

@article{Raimond2012,
annote = {This is also described in the Music Ontology paper.

        
Events consist of factors (things), places (geo:SpatialThings), time (time:TemporalEntity) and agents (foaf:Agent)

        
The product of an Event is a Thing.},
author = {Raimond, Yves and Abdallah, Samer},
file = {:home/mrt/Documents/Mendeley Desktop/Raimond, Abdallah/The event ontology.pdf:pdf},
pages = {6--11},
title = {{The event ontology}},
url = {http://ontogenealogy.com/documents/2012/08/raimond-y-event-ontology-2007.pdf},
year = {2007}
}
