Automatically generated by Mendeley Desktop 1.10.1
Any changes to this file will be lost if it is regenerated by Mendeley.

BibTeX export options can be customized via Options -> BibTeX in Mendeley Desktop

@article{Schwarzkopf,
annote = {They used Heymann et al's algorithm, which seems to get good results. They also looked at Schitz et al's algorithm, which seems to produce even better results.},
author = {Schwarzkopf, Eric and Heckmann, Dominik and Dengler, Dietmar and Kr, Alexander},
file = {:home/mrt/Documents/Mendeley Desktop/Schwarzkopf et al/Mining the Structure of Tag Spaces for User Modeling.pdf:pdf},
title = {{Mining the Structure of Tag Spaces for User Modeling}}
}
