@article{bryson2000dragons,
  title={Dragons, bats and evil knights: A three-layer design approach to character-based creative play},
  author={Bryson, Joanna and Th{\'o}risson, Kristinn R},
  journal={Virtual Reality},
  volume={5},
  number={2},
  pages={57--71},
  year={2000},
  publisher={Springer}
}
