@book{mccarthy1968some,
  title={Some philosophical problems from the standpoint of artificial intelligence},
  author={McCarthy, John and Hayes, Patrick},
  year={1968},
  publisher={Stanford University USA}
}
