@incollection{cliffe2007answer,
  title={Answer set programming for representing and reasoning about virtual institutions},
  author={Cliffe, Owen and De Vos, Marina and Padget, Julian},
  booktitle={Computational Logic in Multi-Agent Systems},
  pages={60--79},
  year={2007},
  publisher={Springer}
}
