@article{charlesplanning,
  title={Planning Formalisms and Authoring in Interactive Storytelling},
  author={Charles, Fred and Lozano, Miguel and Mead, Steven J and Bisquerra, Alicia Fornes and Cavazza, Marc},
  publisher={Citeseer}
}
