Automatically generated by Mendeley Desktop 1.10.1
Any changes to this file will be lost if it is regenerated by Mendeley.

BibTeX export options can be customized via Options -> BibTeX in Mendeley Desktop

@article{Collins,
author = {Collins, Trevor and Keynes, Milton and Mulholland, Paul},
file = {:home/mrt/Documents/Mendeley Desktop/Collins, Keynes, Mulholland/Web supported emplotment Using object and event descriptions to facilitate storytelling online and in galleries.pdf:pdf},
keywords = {cultural heritage,emplotment,interpretation,narrative},
pages = {3--6},
title = {{Web supported emplotment : Using object and event descriptions to facilitate storytelling online and in galleries}}
}
