Automatically generated by Mendeley Desktop 1.10.1
Any changes to this file will be lost if it is regenerated by Mendeley.

BibTeX export options can be customized via Options -> BibTeX in Mendeley Desktop

@article{Stephen,
author = {Stephen, Surangika Ranathunga and Julian, Cranefield and Jeehang, Padget},
file = {:home/mrt/Documents/Mendeley Desktop/Stephen, Julian, Jeehang/A Semantic Approach to Situational Awareness for Intelligent Virtual Agents.pdf:pdf},
title = {{A Semantic Approach to Situational Awareness for Intelligent Virtual Agents}}
}
