Automatically generated by Mendeley Desktop 1.10.1
Any changes to this file will be lost if it is regenerated by Mendeley.

BibTeX export options can be customized via Options -> BibTeX in Mendeley Desktop

@article{Lim,
author = {Lim, Mei Yii and Aylett, Ruth},
file = {:home/mrt/Documents/Mendeley Desktop/Lim, Aylett/Narrative Construction in a Mobile Tour Guide.pdf:pdf},
title = {{Narrative Construction in a Mobile Tour Guide}}
}
