Automatically generated by Mendeley Desktop 1.10.1
Any changes to this file will be lost if it is regenerated by Mendeley.

BibTeX export options can be customized via Options -> BibTeX in Mendeley Desktop

@article{Osborne2012,
annote = {Paper looks at identifying the \_first story\_ based on Twitter, but improved using Wikipedia.

        
This is more to do with real-time detection of news stories than finding a narrative. Still, it is useful for \_event detection\_ from a stream. Determining the relationships between events would be harder.

        
\#\# Refs
[2] TDT (Topic Detection and Tracking) describes first story detection

        
\#\#\# Story detection approaches
Twitter:
[14] is a state-of-the-art story detection approach
[16] is, too
[5] is also worth looking at
Also time tracking: [7, 11, 13, 15]
Wikipedia:
[8] WikiPop

        
[4] Identify related content to predictable events from Twitter, YouTube and Flickr.

      },
author = {Osborne, Miles and Petrovi, Sa\v{s}a and Mccreadie, Richard and Macdonald, Craig and Ounis, Iadh},
file = {:home/mrt/Documents/Mendeley Desktop/Osborne et al/Bieber no more First Story Detection using Twitter and Wikipedia.pdf:pdf},
keywords = {event detection,twitter,wikipedia},
title = {{Bieber no more : First Story Detection using Twitter and Wikipedia}},
year = {2012}
}
