Automatically generated by Mendeley Desktop 1.10.1
Any changes to this file will be lost if it is regenerated by Mendeley.

BibTeX export options can be customized via Options -> BibTeX in Mendeley Desktop

@article{Nixon2011,
annote = {Steps:

        
1. Current view from video frames + GPS -> object recognition
2. "What?": services framework -> content served according to context. Based on recognized objects, annotations of the services. Refined by info on user's interests, context and environment.
3. "How?": semantic data infrastructure, formally modelled ontologies

        
Relies on web services to supply data.

        
AR approaches typically focus on "points of interest", where all info is obtained in the POI data set.

        
For SmartReality, they give each thing a URI, then the data is retrieved from a web service when needed.

        

      },
author = {Nixon, Lyndon and Grubert, Jens and Reitmayr, Gerhard},
file = {:home/mrt/Documents/Mendeley Desktop/Nixon, Grubert, Reitmayr/SmartReality Augmented Reality Services Semantics.pdf:pdf},
pages = {1--10},
title = {{SmartReality : Augmented Reality + Services + Semantics}},
year = {2011}
}
