@book{ryan1991possible,
  title={Possible worlds, artificial intelligence, and narrative theory},
  author={Ryan, Marie-Laure},
  year={1991},
  publisher={Indiana University Press}
}
