Automatically generated by Mendeley Desktop 1.10.1
Any changes to this file will be lost if it is regenerated by Mendeley.

BibTeX export options can be customized via Options -> BibTeX in Mendeley Desktop

@article{Riedl,
author = {Riedl, Mark O and Bulitko, Vadim},
file = {:home/mrt/Documents/Mendeley Desktop/Riedl, Bulitko/Interactive Narrative An Intelligent Systems Approach.pdf:pdf},
pages = {1--13},
title = {{Interactive Narrative : An Intelligent Systems Approach}}
}
