Automatically generated by Mendeley Desktop 1.10.1
Any changes to this file will be lost if it is regenerated by Mendeley.

BibTeX export options can be customized via Options -> BibTeX in Mendeley Desktop

@article{Grossman2009,
author = {Grossman, Lev},
file = {:home/mrt/Documents/Mendeley Desktop/Grossman/Iran's Protests Why Twitter Is the Medium of the Movement.pdf:pdf},
pages = {4--7},
title = {{Iran's Protests : Why Twitter Is the Medium of the Movement}},
year = {2009}
}
