@techreport{kwiat2008aristotle,
  title={From Aristotle to Gabriel: A Summary of the Narratology Literature for Story Technologies},
  author={Kwiat, Joanna},
  year={2008},
  institution={Technical report, Technical Report KMI-08-01, Knowledge Media Institute, The Open University, UK}
}
