Automatically generated by Mendeley Desktop 1.10.1
Any changes to this file will be lost if it is regenerated by Mendeley.

BibTeX export options can be customized via Options -> BibTeX in Mendeley Desktop

@article{Schmitz,
author = {Schmitz, Christoph and Hotho, Andreas and Robert, J},
file = {:home/mrt/Documents/Mendeley Desktop/Schmitz, Hotho, Robert/Mining Association Rules in Folksonomies.pdf:pdf},
pages = {1--9},
title = {{Mining Association Rules in Folksonomies}}
}
