Automatically generated by Mendeley Desktop 1.10.1
Any changes to this file will be lost if it is regenerated by Mendeley.

BibTeX export options can be customized via Options -> BibTeX in Mendeley Desktop

@article{Osborne2010,
annote = {FSD is to identify the first story to discuss a particular event.

        
They run their FSD algorithm, assigning a novelty score to each tweet. This score is based on the cosine distance to the nearest tweet, so we also know for each tweet which other tweet it is most similar to.

        
This means \_threads\_ of tweets can be analysed.},
author = {Osborne, Miles and Lavrenko, Victor},
file = {:home/mrt/Documents/Mendeley Desktop/Osborne, Lavrenko/Streaming First Story Detection with application to Twitter.pdf:pdf},
number = {June},
pages = {181--189},
title = {{Streaming First Story Detection with application to Twitter}},
year = {2010}
}
