@article{hendler2001agents,
  title={Agents and the semantic web},
  author={Hendler, James},
  journal={IEEE Intelligent systems},
  volume={16},
  number={2},
  pages={30--37},
  year={2001}
}
