@article{miller1994narratives,
  title={Narratives in the situation calculus},
  author={Miller, Rob and Shanahan, Murray},
  journal={Journal of Logic and Computation},
  volume={4},
  number={5},
  pages={513--530},
  year={1994},
  publisher={Oxford Univ Press}
}
