Automatically generated by Mendeley Desktop 1.10.1
Any changes to this file will be lost if it is regenerated by Mendeley.

BibTeX export options can be customized via Options -> BibTeX in Mendeley Desktop

@article{Matease,
author = {Mateas, Michael and Stern, Andrew},
file = {:home/mrt/Documents/Mendeley Desktop/Mateas, Stern/Structuring Content in the Fa\c{c}ade Interactive Drama Architecture.pdf:pdf},
title = {{Structuring Content in the Fa\c{c}ade Interactive Drama Architecture}},
volume = {3}
}
