@techreport{bath16762,
           month = {June},
          author = {Owen Cliffe},
          series = {Computer Science Technical Reports},
            note = {ID number: CSBU-2007-04},
           title = {Specifying and analysing institutions in multi-agent systems using answer set programming},
            type = {Other},
       publisher = {Department of Computer Science, University of Bath},
            year = {2007},
             url = {http://opus.bath.ac.uk/16762/}
}

