Automatically generated by Mendeley Desktop 1.10.1
Any changes to this file will be lost if it is regenerated by Mendeley.

BibTeX export options can be customized via Options -> BibTeX in Mendeley Desktop

@article{Lyons,
author = {Lyons, Kent and Gandy, Maribeth and Starner, Thad},
file = {:home/mrt/Documents/Mendeley Desktop/Lyons, Gandy, Starner/Guided by Voices An Audio Augmented Reality System.pdf:pdf},
keywords = {audio,augmented reality,context-awareness,wearable computing},
title = {{Guided by Voices : An Audio Augmented Reality System}}
}
