Automatically generated by Mendeley Desktop 1.10.1
Any changes to this file will be lost if it is regenerated by Mendeley.

BibTeX export options can be customized via Options -> BibTeX in Mendeley Desktop

@article{Mateas,
author = {Mateas, Michael and Stern, Andrew and Tech, Georgia},
file = {:home/mrt/Documents/Mendeley Desktop/Mateas, Stern, Tech/Fa\c{c}ade An Experiment in Building a Fully-Realized Interactive Drama.pdf:pdf},
title = {{Fa\c{c}ade : An Experiment in Building a Fully-Realized Interactive Drama}},
volume = {2}
}
