Automatically generated by Mendeley Desktop 1.10.1
Any changes to this file will be lost if it is regenerated by Mendeley.

BibTeX export options can be customized via Options -> BibTeX in Mendeley Desktop

@article{Hartmann,
author = {Hartmann, Knut and Hartmann, Sandra and Feustel, Matthias},
file = {:home/mrt/Documents/Mendeley Desktop/Hartmann, Hartmann, Feustel/Motif Definition and Classification to Structure Non-linear Plots and to Control the Narrative Flow in Interactive Dramas.pdf:pdf},
keywords = {authoring tools,chatterbots,document classification,interactive drama,motifs,narrative control,non-linear plots,propp func-,tions,wordnet},
pages = {158--167},
title = {{Motif Definition and Classification to Structure Non-linear Plots and to Control the Narrative Flow in Interactive Dramas}}
}
