Automatically generated by Mendeley Desktop 1.10.1
Any changes to this file will be lost if it is regenerated by Mendeley.

BibTeX export options can be customized via Options -> BibTeX in Mendeley Desktop

@article{Mateas2002a,
author = {Mateas, Michael and Stern, Andrew},
file = {:home/mrt/Documents/Mendeley Desktop/Mateas, Stern/Towards Integrating Plot and Character for Interactive Drama.pdf:pdf},
title = {{Towards Integrating Plot and Character for Interactive Drama}},
volume = {2002},
year = {2002}
}
