@incollection{weiss2005scenejo,
  title={Scenejo--an interactive storytelling platform},
  author={Weiss, Sebastian and M{\"u}ller, Wolfgang and Spierling, Ulrike and Steimle, Florian},
  booktitle={Virtual Storytelling. Using Virtual Reality Technologies for Storytelling},
  pages={77--80},
  year={2005},
  publisher={Springer}
}
