@article{guannonparametric,
  title={A Nonparametric Bayesian Model for Discovering Multiple Hierarchical Clusterings},
  author={Guan, Yue and Dy, Jennifer}
}
