@article{ahn2013asymmetric,
  title={Asymmetric facial expressions: revealing richer emotions for embodied conversational agents},
  author={Ahn, Junghyun and Gobron, Stephane and Thalmann, Daniel and Boulic, Ronan},
  journal={Computer Animation and Virtual Worlds},
  volume={24},
  number={6},
  pages={539--551},
  year={2013},
  publisher={Wiley Online Library}
}
