@incollection{peinado2004transferring,
  title={Transferring game mastering laws to interactive digital storytelling},
  author={Peinado, Federico and Gerv{\'a}s, Pablo},
  booktitle={Technologies for Interactive Digital Storytelling and Entertainment},
  pages={48--54},
  year={2004},
  publisher={Springer}
}
