Automatically generated by Mendeley Desktop 1.10.1
Any changes to this file will be lost if it is regenerated by Mendeley.

BibTeX export options can be customized via Options -> BibTeX in Mendeley Desktop

@article{Addis2003,
author = {Addis, Matthew and Boniface, Mike and Goodall, Simon and Grimwood, Paul and Kim, Sanghee and Lewis, Paul and Martinez, Kirk and Stevenson, Alison},
file = {:home/mrt/Documents/Mendeley Desktop/Addis et al/SCULPTEUR Towards a New Paradigm for Multimedia Museum Information Handling.pdf:pdf},
pages = {582--596},
title = {{SCULPTEUR : Towards a New Paradigm for Multimedia Museum Information Handling}},
year = {2003}
}
