@book{leach1985punch,
  title={The Punch \& Judy show: history, tradition and meaning},
  author={Leach, Robert},
  year={1985},
  publisher={University of Georgia Press Athens, GA}
}
