Automatically generated by Mendeley Desktop 1.10.1
Any changes to this file will be lost if it is regenerated by Mendeley.

BibTeX export options can be customized via Options -> BibTeX in Mendeley Desktop

@article{Padget2013,
author = {Padget, Julian and Satoh, Ken and Ishikawa, Fuyuki},
file = {:home/mrt/Documents/Mendeley Desktop/Padget, Satoh, Ishikawa/A Normative Approach to Exploring Multi-Agency Privacy and Transparency.pdf:pdf},
number = {July},
title = {{A Normative Approach to Exploring Multi-Agency Privacy and Transparency}},
year = {2013}
}
