@incollection{ricci2009environment,
  title={Environment programming in CArtAgO},
  author={Ricci, Alessandro and Piunti, Michele and Viroli, Mirko and Omicini, Andrea},
  booktitle={Multi-Agent Programming:},
  pages={259--288},
  year={2009},
  publisher={Springer}
}
