@article{omicini2008artifacts,
  title={Artifacts in the A\&A meta-model for multi-agent systems},
  author={Omicini, Andrea and Ricci, Alessandro and Viroli, Mirko},
  journal={Autonomous agents and multi-agent systems},
  volume={17},
  number={3},
  pages={432--456},
  year={2008},
  publisher={Springer}
}
