@article{koideadbpedia,
  title={DBpedia and Wordnet in Japanese},
  author={Koidea, Seiji and Takedaa, Hideaki and Katoa, Fumihiro and Ohmukaia, Ikki and Bondc, Francis and Isaharad, Hitoshi and Kuribayashid, Takayuki}
}
