Automatically generated by Mendeley Desktop 1.10.1
Any changes to this file will be lost if it is regenerated by Mendeley.

BibTeX export options can be customized via Options -> BibTeX in Mendeley Desktop

@article{Group,
author = {Celma, O},
file = {:home/mrt/Documents/Mendeley Desktop/Celma/Foafing the music Bridging the semantic gap in music recommendation.pdf:pdf},
journal = {The Semantic Web-ISWC 2006},
title = {{Foafing the music: Bridging the semantic gap in music recommendation}},
url = {http://link.springer.com/chapter/10.1007/11926078\_67},
year = {2006}
}
