Automatically generated by Mendeley Desktop 1.10.1
Any changes to this file will be lost if it is regenerated by Mendeley.

BibTeX export options can be customized via Options -> BibTeX in Mendeley Desktop

@article{Yannakakis2011,
author = {Yannakakis, G. N. and Togelius, J.},
doi = {10.1109/T-AFFC.2011.6},
file = {:home/mrt/Documents/Mendeley Desktop/Yannakakis, Togelius/Experience-Driven Procedural Content Generation.pdf:pdf},
issn = {1949-3045},
journal = {IEEE Transactions on Affective Computing},
month = jul,
number = {3},
pages = {147--161},
title = {{Experience-Driven Procedural Content Generation}},
url = {http://ieeexplore.ieee.org/lpdocs/epic03/wrapper.htm?arnumber=5740836},
volume = {2},
year = {2011}
}
