@inproceedings{nakasone2006storytelling,
  title={Storytelling ontology model using rst},
  author={Nakasone, Arturo and Ishizuka, Mitsuru},
  booktitle={Proceedings of the IEEE/WIC/ACM international conference on Intelligent Agent Technology},
  pages={163--169},
  year={2006},
  organization={IEEE Computer Society}
}
