Automatically generated by Mendeley Desktop 1.10.1
Any changes to this file will be lost if it is regenerated by Mendeley.

BibTeX export options can be customized via Options -> BibTeX in Mendeley Desktop

@article{Troncy2010,
author = {Troncy, Rapha\"{e}l and Antipolis, Sophia},
file = {:home/mrt/Documents/Mendeley Desktop/Troncy, Antipolis/Linking Events with Media.pdf:pdf},
isbn = {9781450300148},
keywords = {dataset,events,lode,media ontology},
pages = {2--5},
title = {{Linking Events with Media}},
year = {2010}
}
