Automatically generated by Mendeley Desktop 1.10.1
Any changes to this file will be lost if it is regenerated by Mendeley.

BibTeX export options can be customized via Options -> BibTeX in Mendeley Desktop

@article{Wayne2000,
author = {Wayne, Charles L},
file = {:home/mrt/Documents/Mendeley Desktop/Wayne/Multilingual Topic Detection and Tracking Successful Research Enabled by Corpora and Evaluation.pdf:pdf},
title = {{Multilingual Topic Detection and Tracking : Successful Research Enabled by Corpora and Evaluation}},
year = {2000}
}
