@inproceedings{cavazza2002interacting,
  title={Interacting with virtual characters in interactive storytelling},
  author={Cavazza, Marc and Charles, Fred and Mead, Steven J},
  booktitle={Proceedings of the first international joint conference on Autonomous agents and multiagent systems: part 1},
  pages={318--325},
  year={2002},
  organization={ACM}
}
