Automatically generated by Mendeley Desktop 1.10.1
Any changes to this file will be lost if it is regenerated by Mendeley.

BibTeX export options can be customized via Options -> BibTeX in Mendeley Desktop

@article{Ryan2001,
author = {Ryan, Marie-laure},
file = {:home/mrt/Documents/Mendeley Desktop/Ryan/Beyond Myth and Metaphor -The Case of Narrative in Digital Media.pdf:pdf},
number = {1},
pages = {1--14},
title = {{Beyond Myth and Metaphor -The Case of Narrative in Digital Media}},
volume = {1},
year = {2001}
}
