Automatically generated by Mendeley Desktop 1.10.1
Any changes to this file will be lost if it is regenerated by Mendeley.

BibTeX export options can be customized via Options -> BibTeX in Mendeley Desktop

@article{Chan2008,
abstract = {This paper is a report focus on the development of digital game ontology as a knowledge framework. At the end of this paper, we suggest the direction of further development and use of this ontology as a core component for developing the future Web applications of games.},
annote = {Looks at Music Ontology Project [1] to make a game ontology based on the Game Ontology Project [3].

        
They have separate ontologies for the play process and the production process of games.

        
SWRL: Semantic Web Rule Language. Used to express rules as well as logic. Combines with OWL DL.

        
This project also creates an actual ontology of video game titles, kind of like a DBPedia for video games},
author = {Chan, J.T.C. and Yuen, W.Y.F.},
doi = {10.1109/CAIDCD.2008.4730603},
file = {:home/mrt/Documents/Mendeley Desktop/Chan, Yuen/Digital game ontology Semantic web approach on enhancing game studies.pdf:pdf},
isbn = {978-1-4244-3290-5},
journal = {2008 9th International Conference on Computer-Aided Industrial Design and Conceptual Design},
keywords = {Digital game,game studies,ontology,semantic web},
title = {{Digital game ontology: Semantic web approach on enhancing game studies}},
year = {2008}
}
