@incollection{ahn2012nvc,
  title={An NVC emotional model for conversational virtual humans in a 3d chatting environment},
  author={Ahn, Junghyun and Gobron, St{\'e}phane and Garcia, David and Silvestre, Quentin and Thalmann, Daniel and Boulic, Ronan},
  booktitle={Articulated Motion and Deformable Objects},
  pages={47--57},
  year={2012},
  publisher={Springer}
}
