Automatically generated by Mendeley Desktop 1.10.1
Any changes to this file will be lost if it is regenerated by Mendeley.

BibTeX export options can be customized via Options -> BibTeX in Mendeley Desktop

@article{Pollitt1998,
annote = {Not too useful?},
author = {Pollitt, AS},
file = {:home/mrt/Documents/Mendeley Desktop/Pollitt/Key role of classification and indexing in view-based searching.pdf:pdf},
number = {1987},
title = {{Key role of classification and indexing in view-based searching}},
url = {http://citeseerx.ist.psu.edu/viewdoc/download?doi=10.1.1.109.626\&rep=rep1\&type=pdf},
year = {1998}
}
