Automatically generated by Mendeley Desktop 1.10.1
Any changes to this file will be lost if it is regenerated by Mendeley.

BibTeX export options can be customized via Options -> BibTeX in Mendeley Desktop

@article{Deursen2010,
author = {Deursen, Davy Van and Antipolis, Sophia and Mannens, Erik and Pfeiffer, Silvia and Lafon, Yves and Walle, Rik Van De},
file = {:home/mrt/Documents/Mendeley Desktop/Deursen et al/Implementing the Media Fragments URI Specification.pdf:pdf},
isbn = {9781605587998},
keywords = {based on semantics rather,delivery,media,media fragments,media servers,navigate through media resources,video accessibility,video url},
pages = {2008--2010},
title = {{Implementing the Media Fragments URI Specification}},
year = {2010}
}
