Automatically generated by Mendeley Desktop 1.10.1
Any changes to this file will be lost if it is regenerated by Mendeley.

BibTeX export options can be customized via Options -> BibTeX in Mendeley Desktop

@article{Community2012,
author = {Community, Open and Initiative, Data},
file = {:home/mrt/Documents/Mendeley Desktop/Community, Initiative/LODAC Museum Linked Open Data.pdf:pdf},
pages = {3--6},
title = {{LODAC Museum : Linked Open Data}},
year = {2012}
}
