Automatically generated by Mendeley Desktop 1.10.1
Any changes to this file will be lost if it is regenerated by Mendeley.

BibTeX export options can be customized via Options -> BibTeX in Mendeley Desktop

@article{Smith2011,
author = {Smith, Adam M. and Mateas, Michael},
doi = {10.1109/TCIAIG.2011.2158545},
file = {:home/mrt/Documents/Mendeley Desktop/Smith, Mateas/Answer Set Programming for Procedural Content Generation A Design Space Approach.pdf:pdf},
issn = {1943-068X},
journal = {IEEE Transactions on Computational Intelligence and AI in Games},
month = sep,
number = {3},
pages = {187--200},
title = {{Answer Set Programming for Procedural Content Generation: A Design Space Approach}},
url = {http://ieeexplore.ieee.org/lpdocs/epic03/wrapper.htm?arnumber=5783900},
volume = {3},
year = {2011}
}
