Automatically generated by Mendeley Desktop 1.10.1
Any changes to this file will be lost if it is regenerated by Mendeley.

BibTeX export options can be customized via Options -> BibTeX in Mendeley Desktop

@article{Sendor,
author = {Sendor, Jakub},
file = {:home/mrt/Documents/Mendeley Desktop/Sendor/Implementing the Media Fragments URI Specification Media Fragments Firefox Extension.pdf:pdf},
title = {{Implementing the Media Fragments URI Specification : Media Fragments Firefox Extension}}
}
