Automatically generated by Mendeley Desktop 1.10.1
Any changes to this file will be lost if it is regenerated by Mendeley.

BibTeX export options can be customized via Options -> BibTeX in Mendeley Desktop

@article{Hearst,
annote = {Users prefer drilling down in multiple hierarchies simultaneously, rather than just one facet. Trouble is, this can make the navigation part of the page a bit big. They allowed display of subcategories by hovering, but I don't think this is ideal.

        
This paper is just general design guidelines for faceted browsing based on their experiences. They talk about navigation hierarchies, breadcrumbs, etc.},
author = {Hearst, Marti A},
file = {:home/mrt/Documents/Mendeley Desktop/Hearst/Design Recommendations for Hierarchical Faceted Search Interfaces.pdf:pdf},
pages = {5--9},
title = {{Design Recommendations for Hierarchical Faceted Search Interfaces}}
}
