@inproceedings{bailey1999searching,
  title={Searching for storiness: Story-generation from a readerâ€™s perspective},
  author={Bailey, Paul},
  booktitle={Working notes of the Narrative Intelligence Symposium},
  pages={157--164},
  year={1999}
}
