@article{van2011design,
  title={Design and use of the Simple Event Model (SEM)},
  author={Van Hage, Willem Robert and Malais{\'e}, V{\'e}ronique and Segers, Roxane and Hollink, Laura and Schreiber, Guus},
  journal={Web Semantics: Science, Services and Agents on the World Wide Web},
  volume={9},
  number={2},
  pages={128--136},
  year={2011},
  publisher={Elsevier}
}
