@incollection{lee2013decoupling,
  title={Decoupling cognitive agents and virtual environments},
  author={Lee, Jeehang and Baines, Vincent and Padget, Julian},
  booktitle={Cognitive Agents for Virtual Environments},
  pages={17--36},
  year={2013},
  publisher={Springer}
}
