Automatically generated by Mendeley Desktop 1.10.1
Any changes to this file will be lost if it is regenerated by Mendeley.

BibTeX export options can be customized via Options -> BibTeX in Mendeley Desktop

@article{Haslhofer2010,
address = {New York, New York, USA},
author = {Haslhofer, Bernhard and Momeni, Elaheh and Gay, Manuel and Simon, Rainer},
doi = {10.1145/1839707.1839757},
file = {:home/mrt/Documents/Mendeley Desktop/Haslhofer et al/Augmenting Europeana content with linked data resources.pdf:pdf},
isbn = {9781450300148},
journal = {Proceedings of the 6th International Conference on Semantic Systems - I-SEMANTICS '10},
pages = {1},
publisher = {ACM Press},
title = {{Augmenting Europeana content with linked data resources}},
url = {http://portal.acm.org/citation.cfm?doid=1839707.1839757},
year = {2010}
}
