@inproceedings{fornara2012using,
  title={Using OWL Artificial Institutions for dynamically creating Open Spaces of Interaction.},
  author={Fornara, Nicoletta and Tampitsikas, Charalampos},
  booktitle={AT},
  pages={281--295},
  year={2012}
}
