Automatically generated by Mendeley Desktop 1.10.1
Any changes to this file will be lost if it is regenerated by Mendeley.

BibTeX export options can be customized via Options -> BibTeX in Mendeley Desktop

@article{Liarokapis2004,
annote = {2004, so a bit outdated.

        
Looks at using Web3D (?) and AR to allow accessibility for disabled users.

        
Sadly, a lot of this is outdated because it predates the rise of touchscreen devices.

        
This is awful! Assumes knowledge of XML by end user: "The user is presented with a very user friendly GUI for editing the XML configuration data" WTF?!

        
VRML? This is hopelessly outdated and irrelevant. Even in 2004!},
author = {Liarokapis, F and Sylaiou, S and Basu, A and Mourkoussis, N and White, M and Lister, P F},
file = {:home/mrt/Documents/Mendeley Desktop/Liarokapis et al/An Interactive Visualisation Interface for Virtual Museums.pdf:pdf},
title = {{An Interactive Visualisation Interface for Virtual Museums}},
year = {2004}
}
