Automatically generated by Mendeley Desktop 1.10.1
Any changes to this file will be lost if it is regenerated by Mendeley.

BibTeX export options can be customized via Options -> BibTeX in Mendeley Desktop

@article{Mateasg,
author = {Mateas, Michael and Stern, Andrew},
file = {:home/mrt/Documents/Mendeley Desktop/Mateas, Stern/Natural Language Understanding in Fa\c{c}ade Surface-text Processing 2 Introduction to Surface Text Rules.pdf:pdf},
pages = {1--12},
title = {{Natural Language Understanding in Fa\c{c}ade : Surface-text Processing 2 Introduction to Surface Text Rules}}
}
