@inproceedings{grasbon2001morphological,
  title={A morphological approach to interactive storytelling},
  author={Grasbon, Dieter and Braun, Norbert},
  booktitle={Proc. CAST01, Living in Mixed Realities. Special issue of Netzspannung. org/journal, the Magazine for Media Production and Inter-media Research},
  pages={337--340},
  year={2001},
  organization={Citeseer}
}
