@article{pinhanez2000physically,
  title={Physically interactive story environments},
  author={Pinhanez, Claudio S and Davis, James W and Intille, Stephen and Johnson, Michael Patrick and Wilson, Andrew D and Bobick, Aaron F and Blumberg, Bruce},
  journal={IBM Systems Journal},
  volume={39},
  number={3.4},
  pages={438--455},
  year={2000},
  publisher={IBM}
}
