Automatically generated by Mendeley Desktop 1.10.1
Any changes to this file will be lost if it is regenerated by Mendeley.

BibTeX export options can be customized via Options -> BibTeX in Mendeley Desktop

@article{Dakka2006a,
author = {Dakka, Wisam and Dayal, Rishabh and Ipeirotis, Panagiotis G},
file = {:home/mrt/Documents/Mendeley Desktop/Dakka, Dayal, Ipeirotis/Automatic Discovery of Useful Facet Terms.pdf:pdf},
keywords = {identification of the facets,in the under-,in this paper,interfaces,knowledge of the facets,lying database,or on apriori,relied either on manual,research to-,searching,that can potentially appear,the generation of faceted,thus far,we present our ongoing},
title = {{Automatic Discovery of Useful Facet Terms}},
year = {2006}
}
