Automatically generated by Mendeley Desktop 1.10.1
Any changes to this file will be lost if it is regenerated by Mendeley.

BibTeX export options can be customized via Options -> BibTeX in Mendeley Desktop

@article{Matsumura,
annote = {[5] describes LODAC project
[2] is LODAC museum

        
Most museums \& art galleries don't publish their stuff in a LOD format, so the LODAC project compiles an ontology from various sources.

        
Made a web app called Yokohama Art Spot. HTML5 app that gets its data using SPARQL queries. Appears to use Python in the back end.

      },
author = {Matsumura, Fuyuko and Kobayashi, Iwao and Kato, Fumihiro and Kamura, Tetsuro},
file = {:home/mrt/Documents/Mendeley Desktop/Matsumura et al/Producing and Consuming Linked Open Data on Art with a Local Community.pdf:pdf},
title = {{Producing and Consuming Linked Open Data on Art with a Local Community}}
}
