Automatically generated by Mendeley Desktop 1.10.1
Any changes to this file will be lost if it is regenerated by Mendeley.

BibTeX export options can be customized via Options -> BibTeX in Mendeley Desktop

@article{Henschel,
annote = {Takes the Heymann-algorithm and adapts it in various ways.

        
Heymann creates a tree-based taxonomy by examining the frequency of certain tags.},
author = {Henschel, Andreas and Woon, Wei Lee and Wachter, Thomas and Madnick, Stuart},
file = {:home/mrt/Documents/Mendeley Desktop/Henschel et al/Comparison of Generality Based Algorithm Variants for Automatic Taxonomy Generation.pdf:pdf},
title = {{Comparison of Generality Based Algorithm Variants for Automatic Taxonomy Generation}}
}
