@incollection{klapiscak2009jasdl,
  title={JASDL: A practical programming approach combining agent and semantic web technologies},
  author={Klapiscak, Thomas and Bordini, Rafael H},
  booktitle={Declarative Agent Languages and Technologies VI},
  pages={91--110},
  year={2009},
  publisher={Springer}
}
