@article{spierling2002setting,
  title={Setting the scene: playing digital director in interactive storytelling and creation},
  author={Spierling, Ulrike and Grasbon, Dieter and Braun, Norbert and Iurgel, Ido},
  journal={Computers \& Graphics},
  volume={26},
  number={1},
  pages={31--44},
  year={2002},
  publisher={Elsevier}
}
