Automatically generated by Mendeley Desktop 1.10.1
Any changes to this file will be lost if it is regenerated by Mendeley.

BibTeX export options can be customized via Options -> BibTeX in Mendeley Desktop

@article{Eetua,
annote = {Hyvonen again.

        
Paper describes the MUSEUMFINLAND interface.

        
View-based faceted browsing for the semantic web. Owes a lot to the Flamenco system.

        
Facets are in Finnish, so can't take inspiration from them! They start with 9, though.},
author = {Eetu, M},
file = {:home/mrt/Documents/Mendeley Desktop/Eetu/View-Based User Interfaces for Information Retrieval on the Semantic Web.pdf:pdf},
title = {{View-Based User Interfaces for Information Retrieval on the Semantic Web}}
}
