@inproceedings{si2005thespian,
  title={Thespian: Using multi-agent fitting to craft interactive drama},
  author={Si, Mei and Marsella, Stacy C and Pynadath, David V},
  booktitle={Proceedings of the fourth international joint conference on Autonomous agents and multiagent systems},
  pages={21--28},
  year={2005},
  organization={ACM}
}
