Automatically generated by Mendeley Desktop 1.10.1
Any changes to this file will be lost if it is regenerated by Mendeley.

BibTeX export options can be customized via Options -> BibTeX in Mendeley Desktop

@article{VanLent2013,
author = {van Lent, Michael},
file = {:home/mrt/Documents/Mendeley Desktop/van Lent/Interactive narrative.pdf:pdf},
issn = {0272-1716},
journal = {IEEE computer graphics and applications},
keywords = {Communication,Computer Graphics,Computer-Assisted Instruction,Computer-Assisted Instruction: methods,Man-Machine Systems,Narration,Software,User-Computer Interface},
number = {3},
pages = {20--1},
pmid = {16711213},
title = {{Interactive narrative.}},
url = {http://www.pubmedcentral.nih.gov/articlerender.fcgi?artid=3640773\&tool=pmcentrez\&rendertype=abstract},
volume = {26},
year = {2013}
}
