Automatically generated by Mendeley Desktop 1.10.1
Any changes to this file will be lost if it is regenerated by Mendeley.

BibTeX export options can be customized via Options -> BibTeX in Mendeley Desktop

@article{Cruz2011,
author = {Cruz, Pedro and Machado, Penousal},
file = {:home/mrt/Documents/Mendeley Desktop/Cruz, Machado/Visualizing Empires Decline Applying Generative Storytelling for Information Visualization.pdf:pdf},
pages = {1--5},
title = {{Visualizing Empires Decline : Applying Generative Storytelling for Information Visualization}},
year = {2011}
}
