Automatically generated by Mendeley Desktop 1.10.1
Any changes to this file will be lost if it is regenerated by Mendeley.

BibTeX export options can be customized via Options -> BibTeX in Mendeley Desktop

@article{Hochhalter2005,
author = {Hochhalter, B and Lichti, N and Zagal, J},
file = {:home/mrt/Documents/Mendeley Desktop/Hochhalter, Lichti, Zagal/Towards an Ontological Language for Game Analysis.doc:doc},
title = {{Towards an Ontological Language for Game Analysis}},
url = {http://www.citeulike.org/group/932/article/485871},
year = {2005}
}
