Automatically generated by Mendeley Desktop 1.10.1
Any changes to this file will be lost if it is regenerated by Mendeley.

BibTeX export options can be customized via Options -> BibTeX in Mendeley Desktop

@article{Mulholland,
annote = {About the curate ontology.

        
Related work section is similar to the ESWC paper.

        
Narratives, plots and stories can be divided into components. Narratives can be divided into chapters, plots can have sub-plots, the story can be divided into components.

        
Heritage object may have multiple heritage object narratives. Can draw on different aspects, such as how the object was created, some insight it gives about the life of the artist, what is depicted in the heritage object or who has owned it. Also: different metaphoriac uses of the heritage object. Pearce [18] gives an example.

        

        

        
\#\# Related
Structuralist theory: Chatman [13], Tomashevsky [15], Hazel [16]
Different heritage object narratives: Pearce [18]
Curatorial narrative: Rowe [19], Peponis [20]
Narrative inquiry: Polkinghorne [14]},
author = {Mulholland, Paul and Wolff, Annika and Collins, Trevor and Zdrahal, Zdenek},
file = {:home/mrt/Documents/Mendeley Desktop/Mulholland et al/An event-based approach to describing and understanding museum narratives.pdf:pdf},
keywords = {cultural heritage,curation,event,narrative,ontology,plot,story},
title = {{An event-based approach to describing and understanding museum narratives}}
}
