@article{busettabriefing,
  title={Briefing Virtual Actors: a First Report on the PRESTO Project},
  author={Busetta, Paolo and Ghidini, Chiara and Pedrotti, Matteo and De Angeli, Antonella and Menestrina, Zeno}
}
