@inproceedings{zeng2004learning,
  title={Learning to cluster web search results},
  author={Zeng, Hua-Jun and He, Qi-Cai and Chen, Zheng and Ma, Wei-Ying and Ma, Jinwen},
  booktitle={Proceedings of the 27th annual international ACM SIGIR conference on Research and development in information retrieval},
  pages={210--217},
  year={2004},
  organization={ACM}
}
