Automatically generated by Mendeley Desktop 1.10.1
Any changes to this file will be lost if it is regenerated by Mendeley.

BibTeX export options can be customized via Options -> BibTeX in Mendeley Desktop

@article{Allan2000,
address = {New York, New York, USA},
author = {Allan, James and Lavrenko, Victor and Jin, Hubert},
doi = {10.1145/354756.354843},
file = {:home/mrt/Documents/Mendeley Desktop/Allan, Lavrenko, Jin/First story detection in TDT is hard.pdf:pdf},
isbn = {1581133200},
journal = {Proceedings of the ninth international conference on Information and knowledge management - CIKM '00},
pages = {374--381},
publisher = {ACM Press},
title = {{First story detection in TDT is hard}},
url = {http://portal.acm.org/citation.cfm?doid=354756.354843},
year = {2000}
}
