@inproceedings{thielscher2010integrating,
  title={Integrating Action Calculi and AgentSpeak: Closing the Gap.},
  author={Thielscher, Michael},
  booktitle={KR},
  year={2010}
}
