@incollection{shanahan1999event,
  title={The event calculus explained},
  author={Shanahan, Murray},
  booktitle={Artificial intelligence today},
  pages={409--430},
  year={1999},
  publisher={Springer}
}
