@article{cavazza2005dialogue,
  title={Dialogue Generation in Character-based Interactive Storytelling},
  author={Cavazza, Marc and Charles, Fred},
  year={2005}
}
