Automatically generated by Mendeley Desktop 1.10.1
Any changes to this file will be lost if it is regenerated by Mendeley.

BibTeX export options can be customized via Options -> BibTeX in Mendeley Desktop

@article{Ontology,
author = {Pianini, Danilo and Virruso, Sascia},
file = {:home/mrt/Documents/Mendeley Desktop/Pianini, Virruso/Self organization in coordination systems using a WordNet-based ontology.pdf:pdf},
journal = {\ldots -Organizing Systems ( \ldots},
title = {{Self organization in coordination systems using a WordNet-based ontology}},
url = {http://ieeexplore.ieee.org/xpls/abs\_all.jsp?arnumber=5630506},
year = {2010}
}
