@book{propp2010morphology,
  title={Morphology of the Folktale: Revised and Edited with Preface by Louis A. Wagner, Introduction by Alan Dundes},
  author={Propp, Vladimir},
  volume={9},
  year={2010},
  publisher={University of Texas Press}
}
