Automatically generated by Mendeley Desktop 1.10.1
Any changes to this file will be lost if it is regenerated by Mendeley.

BibTeX export options can be customized via Options -> BibTeX in Mendeley Desktop

@article{Kules2009,
address = {New York, New York, USA},
annote = {Used eye tracking to see where users look at when using faceted search interfaces.

        
Results show participants spending 50 seconds per task looking at results, 25 seconds looking at facets, 6 seconds on the query itself.

        
Look at the Flamenco system [11, 31], which provides interfaces to specialised collections, such as art.

        
Faceted search counts as exploratory search. There is a good overview of exploratory search here.

        
Interesting, but not necessary for my paper.},
author = {Kules, Bill and Capra, Robert and Banta, Matthew and Sierra, Tito},
doi = {10.1145/1555400.1555452},
file = {:home/mrt/Documents/Mendeley Desktop/Kules et al/What do exploratory searchers look at in a faceted search interface.pdf:pdf},
isbn = {9781605583228},
journal = {Proceedings of the 2009 joint international conference on Digital libraries - JCDL '09},
pages = {313},
publisher = {ACM Press},
title = {{What do exploratory searchers look at in a faceted search interface?}},
url = {http://portal.acm.org/citation.cfm?doid=1555400.1555452},
year = {2009}
}
