@incollection{riedl2006believable,
  title={Believable agents and intelligent story adaptation for interactive storytelling},
  author={Riedl, Mark O and Stern, Andrew},
  booktitle={Technologies for Interactive Digital Storytelling and Entertainment},
  pages={1--12},
  year={2006},
  publisher={Springer}
}
