@article{swartz2002musicbrainz,
  title={Musicbrainz: A semantic web service},
  author={Swartz, Aaron},
  journal={Intelligent Systems, IEEE},
  volume={17},
  number={1},
  pages={76--77},
  year={2002},
  publisher={IEEE}
}
