Automatically generated by Mendeley Desktop 1.10.1
Any changes to this file will be lost if it is regenerated by Mendeley.

BibTeX export options can be customized via Options -> BibTeX in Mendeley Desktop

@article{Young2007,
author = {Young, RM},
file = {:home/mrt/Documents/Mendeley Desktop/Young/Story and discourse A bipartite model of narrative generation in virtual worlds.pdf:pdf},
journal = {Interaction Studies},
title = {{Story and discourse: A bipartite model of narrative generation in virtual worlds}},
url = {http://www.ingentaconnect.com/content/jbp/is/2007/00000008/00000002/art00001},
year = {2007}
}
