@article{gervas2005story,
  title={Story plot generation based on CBR},
  author={Gerv{\'a}s, Pablo and D{\'\i}az-Agudo, Bel{\'e}n and Peinado, Federico and Herv{\'a}s, Raquel},
  journal={Knowledge-Based Systems},
  volume={18},
  number={4},
  pages={235--242},
  year={2005},
  publisher={Elsevier}
}
