@article{star1998grounded,
  title={Grounded Classification: Grounded Theory and Faceted Classification.},
  author={Star, Susan Leigh},
  journal={Library Trends},
  volume={47},
  number={2},
  pages={218--32},
  year={1998},
  publisher={ERIC}
}
