Automatically generated by Mendeley Desktop 1.10.1
Any changes to this file will be lost if it is regenerated by Mendeley.

BibTeX export options can be customized via Options -> BibTeX in Mendeley Desktop

@book{Geroimenko,
annote = {Just flicked through the book, most visualisations seem to just be based on linked clusters.

        
Not that useful.},
author = {Geroimenko, Vladimir and Chen, Chaomei},
file = {:home/mrt/Documents/Mendeley Desktop/Geroimenko, Chen/Visualizing the Semantic Web.pdf:pdf},
isbn = {9781852339760},
title = {{Visualizing the Semantic Web}}
}
