@inproceedings{omicini2004coordination,
  title={Coordination artifacts: Environment-based coordination for intelligent agents},
  author={Omicini, Andrea and Ricci, Alessandro and Viroli, Mirko and Castelfranchi, Cristiano and Tummolini, Luca},
  booktitle={Proceedings of the Third International Joint Conference on Autonomous Agents and Multiagent Systems-Volume 1},
  pages={286--293},
  year={2004},
  organization={IEEE Computer Society}
}
