Automatically generated by Mendeley Desktop 1.10.1
Any changes to this file will be lost if it is regenerated by Mendeley.

BibTeX export options can be customized via Options -> BibTeX in Mendeley Desktop

@article{Concordia2010,
author = {Concordia, C. and Gradmann, S. and Siebinga, S.},
doi = {10.1177/0340035209360764},
file = {:home/mrt/Documents/Mendeley Desktop/Concordia, Gradmann, Siebinga/Not just another portal, not just another digital library A portrait of Europeana as an application program interface.pdf:pdf},
issn = {0340-0352},
journal = {IFLA Journal},
month = apr,
number = {1},
pages = {61--69},
title = {{Not just another portal, not just another digital library: A portrait of Europeana as an application program interface}},
url = {http://ifl.sagepub.com/cgi/doi/10.1177/0340035209360764},
volume = {36},
year = {2010}
}
