@article{chen2003ontology,
  title={An ontology for context-aware pervasive computing environments},
  author={Chen, Harry and Finin, Tim and Joshi, Anupam},
  journal={The Knowledge Engineering Review},
  volume={18},
  number={03},
  pages={197--207},
  year={2003},
  publisher={Cambridge Univ Press}
}
