@incollection{jain2010ontology,
  title={Ontology alignment for linked open data},
  author={Jain, Prateek and Hitzler, Pascal and Sheth, Amit P and Verma, Kunal and Yeh, Peter Z},
  booktitle={The Semantic Web--ISWC 2010},
  pages={402--417},
  year={2010},
  publisher={Springer}
}
