Automatically generated by Mendeley Desktop 1.10.1
Any changes to this file will be lost if it is regenerated by Mendeley.

BibTeX export options can be customized via Options -> BibTeX in Mendeley Desktop

@article{Siorpaes2008,
annote = {With web 2.0, people actually contributed by adding tags to things. Not so with semantic web.

        
Ontology engineering detaches the effort from the benefits: building an ontology doesn't improve your access to existing knowledge. What's in it for you, if you make an ontology?

        
[1] [2] Luis von Ahn: games with a purpose. Users compete to match tags for things. [3-7] describe a bunch of games that do similar things.},
author = {Siorpaes, Katharina and Hepp, Martin},
file = {:home/mrt/Documents/Mendeley Desktop/Siorpaes, Hepp/Games with a Purpose for the Semantic Web Games with a Purpose for the Semantic Web.pdf:pdf},
number = {3},
title = {{Games with a Purpose for the Semantic Web Games with a Purpose for the Semantic Web}},
volume = {23},
year = {2008}
}
