@article{scherer2005emotions,
  title={What are emotions? And how can they be measured?},
  author={Scherer, Klaus R},
  journal={Social science information},
  volume={44},
  number={4},
  pages={695--729},
  year={2005},
  publisher={Sage Publications}
}
