@article{willett1988recent,
  title={Recent trends in hierarchic document clustering: a critical review},
  author={Willett, Peter},
  journal={Information Processing \& Management},
  volume={24},
  number={5},
  pages={577--597},
  year={1988},
  publisher={Elsevier}
}
