@incollection{okouya2013infrastructure,
  title={An infrastructure for the design and development of open interaction systems},
  author={Okouya, Daniel and Fornara, Nicoletta and Colombetti, Marco},
  booktitle={Engineering Multi-Agent Systems},
  pages={215--234},
  year={2013},
  publisher={Springer}
}
