Automatically generated by Mendeley Desktop 1.10.1
Any changes to this file will be lost if it is regenerated by Mendeley.

BibTeX export options can be customized via Options -> BibTeX in Mendeley Desktop

@article{Padget,
author = {Padget, Julian and Dignum, Virginia},
file = {:home/mrt/Documents/Mendeley Desktop/Padget, Dignum/Obligations to Enforce Prohibitions On the Adequacy of Security Policies.pdf:pdf},
title = {{Obligations to Enforce Prohibitions : On the Adequacy of Security Policies}}
}
