Automatically generated by Mendeley Desktop 1.10.1
Any changes to this file will be lost if it is regenerated by Mendeley.

BibTeX export options can be customized via Options -> BibTeX in Mendeley Desktop

@article{Togelius2011,
author = {Togelius, Julian and Yannakakis, Georgios N. and Stanley, Kenneth O. and Browne, Cameron},
doi = {10.1109/TCIAIG.2011.2148116},
file = {:home/mrt/Documents/Mendeley Desktop/Togelius et al/Search-Based Procedural Content Generation A Taxonomy and Survey.pdf:pdf},
issn = {1943-068X},
journal = {IEEE Transactions on Computational Intelligence and AI in Games},
month = sep,
number = {3},
pages = {172--186},
title = {{Search-Based Procedural Content Generation: A Taxonomy and Survey}},
url = {http://ieeexplore.ieee.org/lpdocs/epic03/wrapper.htm?arnumber=5756645},
volume = {3},
year = {2011}
}
