Automatically generated by Mendeley Desktop 1.10.1
Any changes to this file will be lost if it is regenerated by Mendeley.

BibTeX export options can be customized via Options -> BibTeX in Mendeley Desktop

@article{Koren2008,
address = {New York, New York, USA},
annote = {Paper proposed the use of collaborative filtering and personalisation to customise th esearch interface to each user's behaviour.

        
Also proposes a utility based framework to evaluate the faceted interface.

        
Makes the point that faceted search is kind of like advanced search queries like author:professor x, etc

        
So, their aim is to make a \_personalised\_ faceted search system.

        
Has a model of a user, and calculates how relevant each facet is to them.},
author = {Koren, Jonathan and Zhang, Yi and Liu, Xue},
doi = {10.1145/1367497.1367562},
file = {:home/mrt/Documents/Mendeley Desktop/Koren, Zhang, Liu/Personalized interactive faceted search.pdf:pdf},
isbn = {9781605580852},
journal = {Proceeding of the 17th international conference on World Wide Web - WWW '08},
keywords = {collaborative recommendation,evaluation,faceted search,interactive,personalization,search,user modeling},
pages = {477},
publisher = {ACM Press},
title = {{Personalized interactive faceted search}},
url = {http://portal.acm.org/citation.cfm?doid=1367497.1367562},
year = {2008}
}
