@inproceedings{lang1999declarative,
  title={A declarative model for simple narratives},
  author={Lang, Raymond},
  booktitle={Proceedings of the AAAI fall symposium on narrative intelligence},
  pages={134--141},
  year={1999}
}
