@book{bates1992nature,
  title={The nature of characters in interactive worlds and the Oz project},
  author={Bates, Joseph},
  year={1992},
  publisher={School of Computer Science, Carnegie Mellon University}
}
