@inproceedings{lindley2002gameplay,
  title={The Gameplay Gestalt, Narrative, and Interactive Storytelling.},
  author={Lindley, Craig A},
  booktitle={CGDC Conf.},
  year={2002},
  organization={Citeseer}
}
