@article{mckee1997story,
  title={Story: Substance},
  author={McKee, Robert},
  journal={Structure, Style},
  year={1997}
}
