@inproceedings{mateas2000towards,
  title={Towards integrating plot and character for interactive drama},
  author={Mateas, Michael and Stern, Andrew},
  booktitle={Working notes of the Social Intelligent Agents: The Human in the Loop Symposium},
  pages={113--118},
  year={2000}
}
