Automatically generated by Mendeley Desktop 1.10.1
Any changes to this file will be lost if it is regenerated by Mendeley.

BibTeX export options can be customized via Options -> BibTeX in Mendeley Desktop

@article{Hwhfwlrq,
author = {Stokes, N and Carthy, J},
file = {:home/mrt/Documents/Mendeley Desktop/Stokes, Carthy/Combining semantic and syntactic document classifiers to improve first story detection.pdf:pdf},
isbn = {1581133316},
journal = {Proceedings of the 24th annual international ACM \ldots},
pages = {432--433},
title = {{Combining semantic and syntactic document classifiers to improve first story detection}},
url = {http://dl.acm.org/citation.cfm?id=384068},
year = {2001}
}
