@incollection{damiano2005formal,
  title={Formal encoding of drama ontology},
  author={Damiano, Rossana and Lombardo, Vincenzo and Pizzo, Antonio},
  booktitle={Virtual Storytelling. Using Virtual Reality Technologies for Storytelling},
  pages={95--104},
  year={2005},
  publisher={Springer}
}
