Automatically generated by Mendeley Desktop 1.10.1
Any changes to this file will be lost if it is regenerated by Mendeley.

BibTeX export options can be customized via Options -> BibTeX in Mendeley Desktop

@article{Oren2001,
annote = {Lots of very useful stuff here!

        
Sample data: FBI's most wanted criminals, so not LOD.

        
Yes, Semantic Web data is semi-structured, so doesn't follow a fixed scheme. This makes taxonomy generation difficult!

        
They looked at four types of RDF data navigation:
- keyword search
- explicit queries
- graph visualisation
- faceted browsing

        
All of these have severe limitations.

        
[23] is original paper on faceted browsing, based on facet theory [17]

        
In their BrowseRDF prototype, users can browse the dataset by consraining one or several facets.

        

      },
author = {Oren, Eyal and Delbru, Renaud and Decker, Stefan},
file = {:home/mrt/Documents/Mendeley Desktop/Oren, Delbru, Decker/Extending faceted navigation for RDF data.pdf:pdf},
title = {{Extending faceted navigation for RDF data}},
year = {2001}
}
