@inproceedings{cavazza2007madame,
  title={Madame bovary on the holodeck: immersive interactive storytelling},
  author={Cavazza, Marc and Lugrin, Jean-Luc and Pizzi, David and Charles, Fred},
  booktitle={Proceedings of the 15th international conference on Multimedia},
  pages={651--660},
  year={2007},
  organization={ACM}
}
