Automatically generated by Mendeley Desktop 1.10.1
Any changes to this file will be lost if it is regenerated by Mendeley.

BibTeX export options can be customized via Options -> BibTeX in Mendeley Desktop

@article{Gangemi,
author = {Gangemi, Aldo and Presutti, Valentina},
file = {:home/mrt/Documents/Mendeley Desktop/Gangemi, Presutti/Ontology Design Patterns.pdf:pdf},
pages = {1--23},
title = {{Ontology Design Patterns}}
}
