Automatically generated by Mendeley Desktop 1.10.1
Any changes to this file will be lost if it is regenerated by Mendeley.

BibTeX export options can be customized via Options -> BibTeX in Mendeley Desktop

@article{Young2003,
address = {New York, New York, USA},
annote = {This sounds very relevant to the interactive narrative stuff I want to do.},
author = {Young, R. Michael and Riedl, Mark},
doi = {10.1145/604079.604108},
file = {:home/mrt/Documents/Mendeley Desktop/Young, Riedl/Towards an architecture for intelligent control of narrative in interactive virtual worlds.pdf:pdf},
isbn = {1581135866},
journal = {Proceedings of the 8th international conference on Intelligent user interfaces - IUI '03},
keywords = {2,computer games,embodied agents,interactive narrative,overview of the mimesis,planning},
pages = {310},
publisher = {ACM Press},
title = {{Towards an architecture for intelligent control of narrative in interactive virtual worlds}},
url = {http://portal.acm.org/citation.cfm?doid=604045.604108},
year = {2003}
}
