@article{bates1992virtual,
  title={Virtual Reality, Art and Entertainment.},
  author={Bates, Joseph},
  journal={Presence},
  volume={1},
  number={1},
  pages={133--138},
  year={1992},
  publisher={Citeseer}
}
