Automatically generated by Mendeley Desktop 1.10.1
Any changes to this file will be lost if it is regenerated by Mendeley.

BibTeX export options can be customized via Options -> BibTeX in Mendeley Desktop

@article{Schmitz2006,
annote = {Uses a subsumption-based model from Sanderson and Croft:

        
X subsumes Y if:
P(x | y >= 0.8) and P(y | x < 1)

        
Could perhaps reduce noise by matching concepts to wordnet?

        
This could be useful, perhaps it will be worth implementing their algorithm. However, the end result is only a tree taxonomy.},
author = {Schmitz, Patrick},
file = {:home/mrt/Documents/Mendeley Desktop/Schmitz/Inducing Ontology from Flickr Tags.pdf:pdf},
keywords = {facets,ontology,subsumption,tagging},
pages = {3--6},
title = {{Inducing Ontology from Flickr Tags}},
year = {2006}
}
