Automatically generated by Mendeley Desktop 1.10.1
Any changes to this file will be lost if it is regenerated by Mendeley.

BibTeX export options can be customized via Options -> BibTeX in Mendeley Desktop

@article{Dash2008,
address = {New York, New York, USA},
annote = {This is really hardcore and hard to understand. My initial notes are below:

        
It kind of works like how Amazon does things. Choose a bunch of categories and constraints (like price)

        
In Amazon's case, it smoothly integrates free text search wit structured querying

        
They did some earier work in structured OLAP (online \_ processing) [26] describes faceted search. [19, 20]. There they defined 'interestingness' as how surprising or unexpected a summary is, according to an expectation.

        
They organise their facets into a facet hierarchy.

        
The expected value of a cell is derived from other sibling cells at the same level or from cells that are one or more levels higher in the dimensional hierarchy.

        

        

        

      },
author = {Dash, Debabrata and Rao, Jun and Megiddo, Nimrod and Ailamaki, Anastasia and Lohman, Guy},
doi = {10.1145/1458082.1458087},
file = {:home/mrt/Documents/Mendeley Desktop/Dash et al/Dynamic faceted search for discovery-driven analysis.pdf:pdf},
isbn = {9781595939913},
journal = {Proceeding of the 17th ACM conference on Information and knowledge mining - CIKM '08},
pages = {3},
publisher = {ACM Press},
title = {{Dynamic faceted search for discovery-driven analysis}},
url = {http://portal.acm.org/citation.cfm?doid=1458082.1458087},
year = {2008}
}
