@article{huhns1997ontologies,
  title={Ontologies for agents},
  author={Huhns, Michael N. and Singh, Munindar P.},
  journal={Internet Computing, IEEE},
  volume={1},
  number={6},
  pages={81--83},
  year={1997},
  publisher={IEEE}
}
