@inproceedings{reiter2000narratives,
  title={Narratives as programs},
  author={Reiter, Raymond},
  booktitle={KR},
  pages={99--108},
  year={2000}
}
