@incollection{diaz2004case,
  title={A case based reasoning approach to story plot generation},
  author={D{\'\i}az-Agudo, Bel{\'e}n and Gerv{\'a}s, Pablo and Peinado, Federico},
  booktitle={Advances in Case-Based Reasoning},
  pages={142--156},
  year={2004},
  publisher={Springer}
}
