@article{fornara2010representation,
  title={Representation and monitoring of commitments and norms using OWL},
  author={Fornara, Nicoletta and Colombetti, Marco},
  journal={AI communications},
  volume={23},
  number={4},
  pages={341--356},
  year={2010},
  publisher={IOS Press}
}
