@inproceedings{zini1999designing,
  title={Designing Ontologies for Agents.},
  author={Zini, Floriano and Sterling, Leon},
  booktitle={APPIA-GULP-PRODE},
  pages={29--42},
  year={1999},
  organization={Citeseer}
}
