Automatically generated by Mendeley Desktop 1.10.1
Any changes to this file will be lost if it is regenerated by Mendeley.

BibTeX export options can be customized via Options -> BibTeX in Mendeley Desktop

@article{Kilfeather,
author = {Kilfeather, E},
file = {:home/mrt/Documents/Mendeley Desktop/Kilfeather/Visualising Museum Stories.pdf:pdf},
journal = {ewic.bcs.org},
title = {{Visualising Museum Stories}},
url = {http://ewic.bcs.org/content/ConWebDoc/51010}
}
