@inproceedings{torres2003using,
  title={Using the BDI architecture to produce autonomous characters in virtual worlds},
  author={Torres, Jorge A and Nedel, Luciana P and Bordini, Rafael H},
  booktitle={Intelligent Virtual Agents},
  pages={197--201},
  year={2003},
  organization={Springer}
}
