@article{brewka2011answer,
  title={Answer set programming at a glance},
  author={Brewka, Gerhard and Eiter, Thomas and Truszczy{\'n}ski, Miros{\l}aw},
  journal={Communications of the ACM},
  volume={54},
  number={12},
  pages={92--103},
  year={2011},
  publisher={ACM}
}
