@incollection{nakasone2006srst,
  title={SRST: A storytelling model using rhetorical relations},
  author={Nakasone, Arturo and Ishizuka, Mitsuru},
  booktitle={Technologies for Interactive Digital Storytelling and Entertainment},
  pages={127--138},
  year={2006},
  publisher={Springer}
}
