@misc{clojure,
    title = {The Clojure programming language},
    note = "\url{http://clojure.org}"
}
@misc{d3,
    title = {Data Driven Documents (D3), A Javascript Visualisation Library},
    note = "\url{http://d3js.org}"
}
@misc{matz,
    title = {Matsu, a SPARQL DSL for Clojure},
    note = "\url{https://github.com/boutros/matsu}"
}
@misc{hiccup,
    title = {Hiccup HTML generation library for Clojure},
    note = "\url{https://github.com/weavejester/hiccup}"
}
@misc{keio,
    title = {Keio Wikipedia Ontoloy},
    note = "\url{http://www.wikipediaontology.org}"
}
@article{heymann2006collaborative,
  title={Collaborative creation of communal hierarchical taxonomies in social tagging systems},
  author={Heymann, Paul and Garcia-Molina, Hector},
  year={2006},
  publisher={Stanford}
}


