@article{yu2003your,
  title={Your Turn: Interactive Story Continuing Agent},
  author={Yu-Te Shen, Edward},
  year={2003}
}
