Automatically generated by Mendeley Desktop 1.10.1
Any changes to this file will be lost if it is regenerated by Mendeley.

BibTeX export options can be customized via Options -> BibTeX in Mendeley Desktop

@article{Heymann2006,
annote = {Their algorithm is very similar to the one that I implemented. Maybe I like mine more, though. I'll try this one as well and see how it goes. Might be worth trying Schitz as well.},
author = {Heymann, Paul and Garcia-molina, Hector},
file = {:home/mrt/Documents/Mendeley Desktop/Heymann, Garcia-molina/Collaborative Creation of Communal Hierarchical Taxonomies in Social Tagging Systems.pdf:pdf},
title = {{Collaborative Creation of Communal Hierarchical Taxonomies in Social Tagging Systems}},
year = {2006}
}
