@article{cavazza2002character,
  title={Character-based interactive storytelling},
  author={Cavazza, Marc and Charles, Fred and Mead, Steven J},
  journal={Intelligent Systems, IEEE},
  volume={17},
  number={4},
  pages={17--24},
  year={2002},
  publisher={IEEE}
}
