@article{rodriguez1997fm96,
  title={Fm96. 5 a java-based electronic auction house},
  author={Rodriguez, Juan A and Rodr'iguez, Juan A and Noriega, Pablo and Sierra, Carles and Padget, Julian and Lania-iiia, Iiia and Bath, Iiia U},
  year={1997},
  publisher={Citeseer}
}
