Automatically generated by Mendeley Desktop 1.10.1
Any changes to this file will be lost if it is regenerated by Mendeley.

BibTeX export options can be customized via Options -> BibTeX in Mendeley Desktop

@article{Francisco1998,
annote = {Seems quite fluffy: looks at game design from an HCI perspective.

        
Just a bunch of opinions, really.},
author = {Francisco, San},
file = {:home/mrt/Documents/Mendeley Desktop/Francisco/An Interpreted Demonstration of Computer Game Design.pdf:pdf},
keywords = {cd-rom games,entertainment software},
number = {April},
pages = {7--8},
title = {{An Interpreted Demonstration of Computer Game Design}},
year = {1998}
}
