Automatically generated by Mendeley Desktop 1.10.1
Any changes to this file will be lost if it is regenerated by Mendeley.

BibTeX export options can be customized via Options -> BibTeX in Mendeley Desktop

@article{Vinh2010,
author = {Vinh, Nguyen Xuan},
file = {:home/mrt/Documents/Mendeley Desktop/Vinh/Information Theoretic Measures for Clusterings Comparison Variants, Properties, Normalization and Correction for Chance.pdf:pdf},
keywords = {adjustment for chance,clustering comparison,information theory,normalized infor-},
pages = {2837--2854},
title = {{Information Theoretic Measures for Clusterings Comparison : Variants, Properties, Normalization and Correction for Chance}},
volume = {11},
year = {2010}
}
