Automatically generated by Mendeley Desktop 1.10.1
Any changes to this file will be lost if it is regenerated by Mendeley.

BibTeX export options can be customized via Options -> BibTeX in Mendeley Desktop

@article{Walczak2004,
annote = {How to create AR stuff for museums. They mention early in that model creation is a problem, but cheap 3D scanners will solve this (we are arguably at that point now).

        
Ugh, VRML again.

        
Interesting, they have 3D virtual galleries on the web.

        
They also incorporate an AR-based quiz that uses marker cards that are turned over by the user to respond to questions.

        
\#\#\# Related work
(see references)

        
- SCULPTEUR project looks promising - follow this up
- 3D murale project recreates archaeology excavation phases using VR
- ARCHEOGUIDE allows visitors to see virtual reconstructions of ancient buildings, using a head-mounted display
- LIFEPLUS is similar the above, but for living simulations of ancient flora and fauna
- virtual showcase project tries to integrate the AR tech into  a traditional museum showcase format

        
\#\# Follow-ups
- SCULPTEUR
- Virtual Showcase project (Bimber et al, 2003)},
author = {Walczak, Krzysztof and White, Martin and Cellary, Wojciech},
file = {:home/mrt/Documents/Mendeley Desktop/Walczak, White, Cellary/Building Virtual and Augmented Reality Museum Exhibitions.pdf:pdf},
isbn = {1581138458},
keywords = {augmented reality,cultural,virtual reality,vrml},
number = {212},
pages = {135--145},
title = {{Building Virtual and Augmented Reality Museum Exhibitions *}},
volume = {1},
year = {2004}
}
