Automatically generated by Mendeley Desktop 1.10.1
Any changes to this file will be lost if it is regenerated by Mendeley.

BibTeX export options can be customized via Options -> BibTeX in Mendeley Desktop

@article{Reitmayr,
author = {Reitmayr, Gerhard and Schmalstieg, Dieter},
file = {:home/mrt/Documents/Mendeley Desktop/Reitmayr, Schmalstieg/Semantic World Models for Ubiquitous Augmented Reality.pdf:pdf},
keywords = {augmented reality,augmented reality, location based services, world ,location based services,models,semantic data,ubiquitous},
pages = {1--10},
title = {{Semantic World Models for Ubiquitous Augmented Reality}}
}
