@article{russell1980circumplex,
  title={A circumplex model of affect.},
  author={Russell, James A},
  journal={Journal of personality and social psychology},
  volume={39},
  number={6},
  pages={1161},
  year={1980},
  publisher={American Psychological Association}
}
