@inproceedings{mulholland2004story,
  title={Story fountain: intelligent support for story research and exploration},
  author={Mulholland, Paul and Collins, Trevor and Zdrahal, Zdenek},
  booktitle={Proceedings of the 9th international conference on Intelligent user interfaces},
  pages={62--69},
  year={2004},
  organization={ACM}
}
