@article{hearstreexamining,
  title={Reexamining the Cluster Hypothesis: Scatter/Gather on Retrieval Results},
  author={Hearst, Marti A and Pedersen, Jan O}
}
