@inproceedings{cutting1992scatter,
  title={Scatter/gather: A cluster-based approach to browsing large document collections},
  author={Cutting, Douglass R and Karger, David R and Pedersen, Jan O and Tukey, John W},
  booktitle={Proceedings of the 15th annual international ACM SIGIR conference on Research and development in information retrieval},
  pages={318--329},
  year={1992},
  organization={ACM}
}
