@inproceedings{sanderson1999deriving,
  title={Deriving concept hierarchies from text},
  author={Sanderson, Mark and Croft, Bruce},
  booktitle={Proceedings of the 22nd annual international ACM SIGIR conference on Research and development in information retrieval},
  pages={206--213},
  year={1999},
  organization={ACM}
}
