Automatically generated by Mendeley Desktop 1.10.1
Any changes to this file will be lost if it is regenerated by Mendeley.

BibTeX export options can be customized via Options -> BibTeX in Mendeley Desktop

@article{Patel2003,
author = {Patel, Manjula and White, Martin and Walczak, Krzysztof and Sayd, Patrick},
file = {:home/mrt/Documents/Mendeley Desktop/Patel et al/Digitisation to Presentation – Building Virtual Museum Exhibitions.pdf:pdf},
title = {{Digitisation to Presentation – Building Virtual Museum Exhibitions}},
year = {2003}
}
