Automatically generated by Mendeley Desktop 1.10.1
Any changes to this file will be lost if it is regenerated by Mendeley.

BibTeX export options can be customized via Options -> BibTeX in Mendeley Desktop

@article{Sinclair,
author = {Sinclair, P and Goodall, S and Lewis, P H and Martinez, K and Addis, M J},
file = {:home/mrt/Documents/Mendeley Desktop/Sinclair et al/Concept browsing for multimedia retrieval in the SCULPTEUR project.pdf:pdf},
title = {{Concept browsing for multimedia retrieval in the SCULPTEUR project}}
}
