Automatically generated by Mendeley Desktop 1.10.1
Any changes to this file will be lost if it is regenerated by Mendeley.

BibTeX export options can be customized via Options -> BibTeX in Mendeley Desktop

@article{Ben-yitzhak,
annote = {Extends traditional faceted search to support richer information discovery over more complex data models.

        
Limit of faceted search is that dependent facets are not well modelled.

        
Dakka et al [8, 7] have a system for extraction of facet hierarchies, as do [24] and [11], [15]},
author = {Ben-yitzhak, Ori and El, Nadav Har and Lempel, Ronny and Neumann, Andreas and Dafna, Shila Ofek-koifman and Eugene, Sheinwald and Sznajder, Benjamin and Ave, Bailey and Jose, San and Road, Harry},
file = {:home/mrt/Documents/Mendeley Desktop/Ben-yitzhak et al/Beyond Basic Faceted Search.pdf:pdf},
keywords = {business intelligence,multifaceted search,search engines},
pages = {33--43},
title = {{Beyond Basic Faceted Search}}
}
