@inproceedings{neto2004agent,
  title={Agent-Based Mediation in Semantic Web Service Framework},
  author={Neto, R and Udupi, Y and Battle, Steve},
  booktitle={Proceedings of the 1st AKT Workshop on Semantic Web Services (AKT-SWS04)},
  year={2004}
}
