Automatically generated by Mendeley Desktop 1.10.1
Any changes to this file will be lost if it is regenerated by Mendeley.

BibTeX export options can be customized via Options -> BibTeX in Mendeley Desktop

@article{Haslhofer2011,
author = {Haslhofer, Bernhard and Science, Cornell Information and Isaac, Antoine},
file = {:home/mrt/Documents/Mendeley Desktop/Haslhofer, Science, Isaac/The Europeana Linked Open Data Pilot Vrije Universiteit Amsterdam , The Netherlands.pdf:pdf},
keywords = {europeana,linked data,metadata mapping,open data},
number = {iii},
pages = {94--104},
title = {{The Europeana Linked Open Data Pilot Vrije Universiteit Amsterdam , The Netherlands}},
year = {2011}
}
