@book{weyhrauch1997guiding,
  title={Guiding interactive drama},
  author={Weyhrauch, Peter and Bates, Joseph},
  year={1997},
  publisher={Carnegie Mellon University Pittsburgh, PA}
}
