Automatically generated by Mendeley Desktop 1.10.1
Any changes to this file will be lost if it is regenerated by Mendeley.

BibTeX export options can be customized via Options -> BibTeX in Mendeley Desktop

@article{Chawuthai,
annote = {Proposes a logical model for taxon concepts in RDF

        
Problems with redundant species ids. RDF enables merging.

        
TaxMeOn is a meta-ontology of Biological names[7]

        
Implemented a prototype using Jena for reasoning, Sesame for RDF.

        
Overall, interesting semantic stuff, but not so useful for me.

        

      },
author = {Chawuthai, Rathachai and Takeda, Hideaki and Wuwongse, Vilas and Jinbo, Utsugi},
file = {:home/mrt/Documents/Mendeley Desktop/Chawuthai et al/A Logical Model for Taxonomic Concepts for Expanding Knowledge using Linked Open Data.pdf:pdf},
keywords = {biodiversity informatics,biological data,data,linked,logical model,ontology,semantic web,taxon concept},
title = {{A Logical Model for Taxonomic Concepts for Expanding Knowledge using Linked Open Data}}
}
