Automatically generated by Mendeley Desktop 1.10.1
Any changes to this file will be lost if it is regenerated by Mendeley.

BibTeX export options can be customized via Options -> BibTeX in Mendeley Desktop

@article{Tuffield,
author = {Tuffield, Mischa M and Shadbolt, Nigel R and Millard, David E},
file = {:home/mrt/Documents/Mendeley Desktop/Tuffield, Shadbolt, Millard/Narrative as a Form of Knowledge Transfer Narrative Theory and Semantics.pdf:pdf},
title = {{Narrative as a Form of Knowledge Transfer : Narrative Theory and Semantics}}
}
