@inproceedings{mansinghka2009cross,
  title={Cross-categorization: A method for discovering multiple overlapping clusterings},
  author={Mansinghka, Vikash K and Jonas, Eric and Petschulat, Cap and Cronin, Beau and Shafto, Patrick and Tenenbaum, Joshua B},
  booktitle={Proc. of Nonparametric Bayes Workshop at NIPS},
  volume={2009},
  year={2009}
}
