Automatically generated by Mendeley Desktop 1.10.1
Any changes to this file will be lost if it is regenerated by Mendeley.

BibTeX export options can be customized via Options -> BibTeX in Mendeley Desktop

@article{Stoica2007a,
author = {Stoica, Emilia and Hearst, Marti A and Berkeley, U C and Richardson, Megan},
file = {:home/mrt/Documents/Mendeley Desktop/Stoica et al/Automating Creation of Hierarchical Faceted Metadata Structures.pdf:pdf},
number = {April},
pages = {244--251},
title = {{Automating Creation of Hierarchical Faceted Metadata Structures}},
year = {2007}
}
