Automatically generated by Mendeley Desktop 1.10.1
Any changes to this file will be lost if it is regenerated by Mendeley.

BibTeX export options can be customized via Options -> BibTeX in Mendeley Desktop

@article{Kwasnik2000,
annote = {Big overview of different methods of classification. Useful to understand where faceted classification fits in, but otherwise not so interesting.

        
Could use these for facets:

        
- period/style
- place
- process
- material
- object

        
Period: timeline
Materials: hierarchy
Place: part/whole tree},
author = {Kwasnik, Barbara H},
file = {:home/mrt/Documents/Mendeley Desktop/Kwasnik/The Role of Classification in Knowledge Represantation and Discovery.pdf:pdf},
title = {{The Role of Classification in Knowledge Represantation and Discovery}},
year = {2000}
}
