@incollection{shaw2009lode,
  title={Lode: Linking open descriptions of events},
  author={Shaw, Ryan and Troncy, Rapha{\"e}l and Hardman, Lynda},
  booktitle={The Semantic Web},
  pages={153--167},
  year={2009},
  publisher={Springer}
}
