
@misc{_nonlinear_????,
	title = {Nonlinear Storytelling in Games: Deconstructing the Varieties of Nonlinear Experiences},
  author = {Chen, Sherol},
	url = {http://eis-blog.ucsc.edu/2009/08/nonlinear-storytelling-in-games-deconstructing-the-varieties-of-nonlinear-experiences/},
	urldate = {2013-12-15},
	file = {Nonlinear Storytelling in Games: Deconstructing the Varieties of Nonlinear Experiences:files/1312/nonlinear-storytelling-in-games-deconstructing-the-varieties-of-nonlinear-experiences.html:text/html}
}
