@book{fellbaum2010wordnet,
  title={WordNet},
  author={Fellbaum, Christiane},
  year={2010},
  publisher={Springer}
}
