@incollection{georgeff1999belief,
  title={The belief-desire-intention model of agency},
  author={Georgeff, Michael and Pell, Barney and Pollack, Martha and Tambe, Milind and Wooldridge, Michael},
  booktitle={Intelligent Agents V: Agents Theories, Architectures, and Languages},
  pages={1--10},
  year={1999},
  publisher={Springer}
}
