@inproceedings{clough2005automatically,
  title={Automatically organising images using concept hierarchies},
  author={Clough, Paul and Joho, Hideo and Sanderson, Mark},
  booktitle={proceedings of the Multimedia Workshop running at ACM SIGIR conference},
  year={2005}
}
