@inproceedings{guan2010variational,
  title={Variational inference for nonparametric multiple clustering},
  author={Guan, Yue and Dy, Jennifer G and Niu, Donglin and Ghahramani, Zoubin},
  booktitle={MultiClust Workshop, KDD-2010},
  year={2010}
}
