@article{cho2007anidiary,
  title={AniDiary: Daily cartoon-style diary exploits Bayesian networks},
  author={Cho, Sung-Bae and Kim, Kyung-Joong and Hwang, Keum Sung and Song, In-Ji},
  journal={Pervasive Computing, IEEE},
  volume={6},
  number={3},
  pages={66--75},
  year={2007},
  publisher={IEEE}
}
