Automatically generated by Mendeley Desktop 1.10.1
Any changes to this file will be lost if it is regenerated by Mendeley.

BibTeX export options can be customized via Options -> BibTeX in Mendeley Desktop

@article{Walsh2011,
author = {Walsh, Richard},
doi = {10.1353/nar.2011.0006},
file = {:home/mrt/Documents/Mendeley Desktop/Walsh/Emergent Narrative in Interactive Media.pdf:pdf},
issn = {1538-974X},
journal = {Narrative},
number = {1},
pages = {72--85},
title = {{Emergent Narrative in Interactive Media}},
url = {http://muse.jhu.edu/content/crossref/journals/narrative/v019/19.1.walsh.html},
volume = {19},
year = {2011}
}
