@book{wongthongtham2009ontology,
  title={Ontology-based multi-agent systems},
  author={Wongthongtham, Pornpit and Chang, Elizabeth and Dillon, Tharam},
  volume={219},
  year={2009},
  publisher={Springer}
}
