@inproceedings{grey2011procedural,
  title={Procedural quests: A focus for agent interaction in role-playing-games},
  author={Grey, John and Bryson, Joanna J},
  booktitle={Proceedings of the AISB 2011 Symposium: AI \& Games},
  pages={3--10},
  year={2011},
  organization={University of Bath}
}
