@inproceedings{van2009combining,
  title={Combining ship trajectories and semantics with the simple event model (sem)},
  author={Van Hage, Willem Robert and Malais{\'e}, V{\'e}ronique and de Vries, Gerben and Schreiber, Guus and van Someren, Maarten},
  booktitle={Proceedings of the 1st ACM international workshop on Events in multimedia},
  pages={73--80},
  year={2009},
  organization={ACM}
}
