Automatically generated by Mendeley Desktop 1.10.1
Any changes to this file will be lost if it is regenerated by Mendeley.

BibTeX export options can be customized via Options -> BibTeX in Mendeley Desktop

@book{Ryan,
author = {Ryan, Marie-laure},
file = {:home/mrt/Documents/Mendeley Desktop/Ryan/Narrative as Virtual Reality and Electronic Media.pdf:pdf},
isbn = {0801864879},
title = {{Narrative as Virtual Reality and Electronic Media}}
}
